@book{DiscreteMath,
author = {วัชรพัฐ เมตตานันท},
title = {วิยุตคณิต},
isbn = {9786165562164}
}